<?xml version="1.0" encoding="UTF-8"?><collection xmlns="http://www.loc.gov/MARC21/slim"><record><leader>00498nam--2200181-i-4500</leader><controlfield tag="001">000035406</controlfield><controlfield tag="002">20161230</controlfield><controlfield tag="005">20161230201040</controlfield><controlfield tag="008">060222s1000------------r-----000-0-ger-d</controlfield><datafield ind1=" " ind2=" " tag="040"><subfield code="a">IFIN-HH</subfield></datafield><datafield ind1=" " ind2=" " tag="041"><subfield code="a">ger</subfield></datafield><datafield ind1=" " ind2=" " tag="080"><subfield code="a">539.2(043)</subfield></datafield><datafield ind1="1" ind2=" " tag="100"><subfield code="a">Oechsner, Hans</subfield></datafield><datafield ind1="1" ind2="0" tag="245"><subfield code="a">Uber stossprozesse bei der zerstaubung im niederenergetischen bereich</subfield><subfield code="b">Dissertation</subfield><subfield code="c">Hans oechsner</subfield></datafield><datafield ind1=" " ind2=" " tag="260"><subfield code="a">Wurzburg</subfield><subfield code="b">Universitat</subfield><subfield code="c">1963</subfield></datafield><datafield ind1=" " ind2=" " tag="300"><subfield code="a">59P</subfield></datafield><datafield ind1=" " ind2=" " tag="852"><subfield code="a">77044</subfield><subfield code="c">539.21</subfield></datafield><datafield ind1=" " ind2=" " tag="CAT"><subfield code="a">Sys</subfield><subfield code="c">20121206</subfield><subfield code="h">164828</subfield></datafield></record></collection>